%YAML 1.1
%TAG !u! tag:unity3d.com,2011:
--- !u!114 &4105552376296215401
MonoBehaviour:
  m_ObjectHideFlags: 0
  m_CorrespondingSourceObject: {fileID: 0}
  m_PrefabInstance: {fileID: 0}
  m_PrefabAsset: {fileID: 0}
  m_GameObject: {fileID: 1978130456061113274}
  m_Enabled: 1
  m_EditorHideFlags: 0
  m_Script: {fileID: 11500000, guid: cf2bd7f09c833fe49977b43fd651e5cc, type: 3}
  m_Name: 
  m_EditorClassIdentifier: 
  damager: {fileID: 5492464353028051467}
  trigger: {fileID: 8783533389046406042}
--- !u!114 &5492464353028051467
MonoBehaviour:
  m_ObjectHideFlags: 0
  m_CorrespondingSourceObject: {fileID: 0}
  m_PrefabInstance: {fileID: 0}
  m_PrefabAsset: {fileID: 0}
  m_GameObject: {fileID: 1978130456061113274}
  m_Enabled: 1
  m_EditorHideFlags: 0
  m_Script: {fileID: 11500000, guid: 2ff0bfa03bb62714797c0383b685cb9d, type: 3}
  m_Name: 
  m_EditorClassIdentifier: 
  damage: 5
--- !u!114 &6156571809583959698
MonoBehaviour:
  m_ObjectHideFlags: 0
  m_CorrespondingSourceObject: {fileID: 0}
  m_PrefabInstance: {fileID: 0}
  m_PrefabAsset: {fileID: 0}
  m_GameObject: {fileID: 1978130456061113274}
  m_Enabled: 1
  m_EditorHideFlags: 0
  m_Script: {fileID: 11500000, guid: 04068e9f11d9e5648848388ac3ef2f70, type: 3}
  m_Name: 
  m_EditorClassIdentifier: 
  moveSpeed: 1
--- !u!114 &9021803543365334415
MonoBehaviour:
  m_ObjectHideFlags: 0
  m_CorrespondingSourceObject: {fileID: 0}
  m_PrefabInstance: {fileID: 0}
  m_PrefabAsset: {fileID: 0}
  m_GameObject: {fileID: 1978130456061113274}
  m_Enabled: 1
  m_EditorHideFlags: 0
  m_Script: {fileID: 11500000, guid: 19ab51bf11554a8b8d9f4f62c4cf8ea5, type: 3}
  m_Name: 
  m_EditorClassIdentifier: 
  updateType: 0
  botMovable: {fileID: 6156571809583959698}
  targetMovable: {fileID: 0}
--- !u!50 &7495453376271752044
Rigidbody2D:
  serializedVersion: 4
  m_ObjectHideFlags: 0
  m_CorrespondingSourceObject: {fileID: 0}
  m_PrefabInstance: {fileID: 0}
  m_PrefabAsset: {fileID: 0}
  m_GameObject: {fileID: 8994696263598169725}
  m_BodyType: 1
  m_Simulated: 1
  m_UseFullKinematicContacts: 0
  m_UseAutoMass: 0
  m_Mass: 1
  m_LinearDrag: 0
  m_AngularDrag: 0.05
  m_GravityScale: 1
  m_Material: {fileID: 0}
  m_Interpolate: 0
  m_SleepingMode: 1
  m_CollisionDetection: 0
  m_Constraints: 0
--- !u!58 &9039495100903544163
CircleCollider2D:
  m_ObjectHideFlags: 0
  m_CorrespondingSourceObject: {fileID: 0}
  m_PrefabInstance: {fileID: 0}
  m_PrefabAsset: {fileID: 0}
  m_GameObject: {fileID: 8994696263598169725}
  m_Enabled: 1
  m_Density: 1
  m_Material: {fileID: 0}
  m_IsTrigger: 1
  m_UsedByEffector: 0
  m_UsedByComposite: 0
  m_Offset: {x: 0, y: 0}
  serializedVersion: 2
  m_Radius: 0.099999994
--- !u!114 &8783533389046406042
MonoBehaviour:
  m_ObjectHideFlags: 0
  m_CorrespondingSourceObject: {fileID: 0}
  m_PrefabInstance: {fileID: 0}
  m_PrefabAsset: {fileID: 0}
  m_GameObject: {fileID: 8994696263598169725}
  m_Enabled: 1
  m_EditorHideFlags: 0
  m_Script: {fileID: 11500000, guid: 4f5d3a3fc0ae249409a5b7a9430b583a, type: 3}
  m_Name: 
  m_EditorClassIdentifier: 
--- !u!1001 &6799288491088292031
PrefabInstance:
  m_ObjectHideFlags: 0
  serializedVersion: 2
  m_Modification:
    m_TransformParent: {fileID: 0}
    m_Modifications:
    - target: {fileID: 4983329678478498565, guid: 18cb83dd3ec6f70478b5a07e66647354,
        type: 3}
      propertyPath: m_Name
      value: Enemy Demo
      objectReference: {fileID: 0}
    - target: {fileID: 5255623502174723771, guid: 18cb83dd3ec6f70478b5a07e66647354,
        type: 3}
      propertyPath: m_LocalPosition.x
      value: -4.02
      objectReference: {fileID: 0}
    - target: {fileID: 5255623502174723771, guid: 18cb83dd3ec6f70478b5a07e66647354,
        type: 3}
      propertyPath: m_LocalPosition.y
      value: 0
      objectReference: {fileID: 0}
    - target: {fileID: 5255623502174723771, guid: 18cb83dd3ec6f70478b5a07e66647354,
        type: 3}
      propertyPath: m_LocalPosition.z
      value: 0
      objectReference: {fileID: 0}
    - target: {fileID: 5255623502174723771, guid: 18cb83dd3ec6f70478b5a07e66647354,
        type: 3}
      propertyPath: m_LocalRotation.x
      value: -0
      objectReference: {fileID: 0}
    - target: {fileID: 5255623502174723771, guid: 18cb83dd3ec6f70478b5a07e66647354,
        type: 3}
      propertyPath: m_LocalRotation.y
      value: -0
      objectReference: {fileID: 0}
    - target: {fileID: 5255623502174723771, guid: 18cb83dd3ec6f70478b5a07e66647354,
        type: 3}
      propertyPath: m_LocalRotation.z
      value: -0
      objectReference: {fileID: 0}
    - target: {fileID: 5255623502174723771, guid: 18cb83dd3ec6f70478b5a07e66647354,
        type: 3}
      propertyPath: m_LocalRotation.w
      value: 1
      objectReference: {fileID: 0}
    - target: {fileID: 5255623502174723771, guid: 18cb83dd3ec6f70478b5a07e66647354,
        type: 3}
      propertyPath: m_RootOrder
      value: 0
      objectReference: {fileID: 0}
    - target: {fileID: 5255623502174723771, guid: 18cb83dd3ec6f70478b5a07e66647354,
        type: 3}
      propertyPath: m_LocalEulerAnglesHint.x
      value: 0
      objectReference: {fileID: 0}
    - target: {fileID: 5255623502174723771, guid: 18cb83dd3ec6f70478b5a07e66647354,
        type: 3}
      propertyPath: m_LocalEulerAnglesHint.y
      value: 0
      objectReference: {fileID: 0}
    - target: {fileID: 5255623502174723771, guid: 18cb83dd3ec6f70478b5a07e66647354,
        type: 3}
      propertyPath: m_LocalEulerAnglesHint.z
      value: 0
      objectReference: {fileID: 0}
    m_RemovedComponents: []
  m_SourcePrefab: {fileID: 100100000, guid: 18cb83dd3ec6f70478b5a07e66647354, type: 3}
--- !u!1 &1978130456061113274 stripped
GameObject:
  m_CorrespondingSourceObject: {fileID: 4983329678478498565, guid: 18cb83dd3ec6f70478b5a07e66647354,
    type: 3}
  m_PrefabInstance: {fileID: 6799288491088292031}
  m_PrefabAsset: {fileID: 0}
--- !u!1 &8994696263598169725 stripped
GameObject:
  m_CorrespondingSourceObject: {fileID: 2488371024403723970, guid: 18cb83dd3ec6f70478b5a07e66647354,
    type: 3}
  m_PrefabInstance: {fileID: 6799288491088292031}
  m_PrefabAsset: {fileID: 0}
